%% This is file `DEMO-TUDaBibliography.bib' version 4.03 (2025-04-02),
%% it is part of
%% TUDa-CI -- Corporate Design for TU Darmstadt
%% ----------------------------------------------------------------------------
%%
%%  Copyright (C) 2018--2025 by Marei Peischl <marei@peitex.de>
%%
%% ============================================================================
%% This work may be distributed and/or modified under the
%% conditions of the LaTeX Project Public License, either version 1.3c
%% of this license or (at your option) any later version.
%% The latest version of this license is in
%% http://www.latex-project.org/lppl.txt
%% and version 1.3c or later is part of all distributions of LaTeX
%% version 2008/05/04 or later.
%%
%% This work has the LPPL maintenance status `maintained'.
%%
%% The Current Maintainer of this work is
%%   Marei Peischl <tuda-ci@peitex.de>
%%
%% The development respository can be found at
%% https://github.com/tudace/tuda_latex_templates
%% Please use the issue tracker for feedback!
%%
%% If you need a compiled version of this document, have a look at
%% http://mirror.ctan.org/macros/latex/contrib/tuda-ci/doc
%% or at the documentation directory of this package (if installed)
%% <path to your LaTeX distribution>/doc/latex/tuda-ci
%% ============================================================================
%%
% !TeX program = lualatex
%%

%Beispiel BibTeX-Datenbank für die Verwendung von biblatex und biber
@online{imrad,
	title        = {IMRAD},
	url          = {https://en.wikipedia.org/wiki/IMRAD},
	urldate      = {2018-12-20},
	organization = {Wikipedia}
}
@online{scrguide-de,
	title        = {KOMA-Script – Ein wandelbares \LaTeX-Paket},
	author       = {Kohm, Markus},
	url          = {http://mirrors.ctan.org/macros/latex/contrib/koma-script/doc/scrguide-de.pdf},
	urldate      = {2024-08-03},
	ids          = {scrguide},
	subtitle     = {Die Anleitung},
	date         = {2023-06-16}
}
@online{scrguide-en,
	title        = {KOMA-Script},
	author       = {Kohm, Markus},
	url          = {http://mirrors.ctan.org/macros/latex/contrib/koma-script/doc/scrguide-en.pdf},
	urldate      = {2024-08-03},
	subtitle     = {Die Anleitung},
	date         = {2019-01-14}
}
@online{leaflet,
	title        = {The document class leaflet},
	author       = {Niepraschk, Rolf and Schmidt, Walter and Gäßlein, Hubert},
	url          = {http://mirrors.ctan.org/macros/latex/contrib/leaflet/leaflet-manual.pdf},
	urldate      = {2020-02-12},
	date         = {2015-12-27}
}
@online{TUDaGuideline,
	title        = {Das Bild der TU Darmstadt},
	year         = 2011,
	url          = {https://www.intern.tu-darmstadt.de/media/medien_stabsstelle_km/services/medien_cd/das_bild_der_tu_darmstadt.pdf},
	urldate      = {2020-05-01},
	subtitle     = {Corporate Design Handbuch},
	edition      = 3
}
@online{l3pdfmeta,
	title        = {The l3pdfmeta module},
	author       = {{The \LaTeX{} Project}},
	url          = {http://mirrors.ctan.org/macros/latex/contrib/pdfmanagement-testphase/l3pdfmeta.pdf},
	urldate      = {2024-07-22},
	subtitle     = {PDF standards},
	date         = {2024-05-23}
}
@online{pdfmanagement-testphase,
	title        = {The \LaTeX{} PDF management testphase bundle},
	author       = {{The \LaTeX{} Project}},
	url          = {http://mirrors.ctan.org/macros/latex/contrib/pdfmanagement-testphase/pdfmanagement-testphase.pdf},
	urldate      = {2024-07-22},
	subtitle     = {PDF standards},
	date         = {2024-05-23}
}
@online{pdfx,
	title        = {Generation of PDF/X- and PDF/A- compliant PDFs with pdf\TeX{} – pdfx.sty},
	author       = {C. V. Radhakrishnan and Hàn Thế Thành and  Ross Moore and Peter Selinger},
	url          = {https://mirrors.ctan.org/macros/latex/contrib/pdfx/pdfx.pdf},
	urldate      = {2024-07-22},
	date         = {2024-07-01}
}
@online{xcharter,
	title        = {The XCharter Font Package},
	author       = {Michael Sharpe},
	url          = {http://mirrors.ctan.org/fonts/xcharter/doc/xcharter-doc.pdf},
	urldate      = {2024-08-04},
	date         = {2024-06-18}
}
@manual{xcolor,
	title        = {The \texttt{xcolor} package},
	author       = {Uwe Kern and {\LaTeX{} Project}},
	url          = {http://mirrors.ctan.org/macros/latex/contrib/xcolor/xcolor.pdf},
	subtitle     = {Driver-independent color extensions for \LaTeX{} and pdfLaTeX},
	date         = {2024-09-29},
	version      = {3.02}
}
@online{ctan-tuda-ci,
	title        = {The TUDa-CI package},
	author       = {Marei Peischl},
	url          = {https://ctan.org/pkg/tuda-ci},
	subtitle     = {\LaTeX{} templates for Technische Universität Darmstadt},
	date         = {2025-01-24},
	mirror       = {https://mirror.ctan.org/macros/latex/contrib/tuda-ci}
}
@manual{tuda-ci,
	title        = {TUDa-CI – Corporate Design for TU Darmstadt using \LaTeX},
	author       = {Marei Peischl},
	url          = {http://mirrors.ctan.org/macros/latex/contrib/tuda-ci/doc/tuda-ci.pdf},
	subtitle     = {Documentation for the TUDa-CI bundle},
	date         = {2025-01-26},
	version      = {4.00}
}
@online{tuda-ci-github,
	title        = {GitHub Repository: TUDa-CI – Corporate Design LaTeX-Templates for TU Darmstadt},
	url          = {https://github.com/tudace/tuda_latex_templates/},
	urldate      = {2025-01-22}
}
@online{TUDa-CI-Info,
	title        = {LaTeX – ULB TU Darmstadt},
	url          = {https://www.ulb.tu-darmstadt.de/finden_nutzen/medien_nutzen/dokumente_erstellen/latex/index.en.jsp},
	urldate      = {2025-01-22}
}
@manual{TUDaAnnouncement,
	title        = {\LaTeX{} using TU Darmstadt's Corporate Design},
	author       = {Peischl, Marei},
	url          = {http://mirrors.ctan.org/macros/latex/contrib/tuda-ci/doc/DEMO-TUDaAnnouncement.pdf},
	date         = {2025-01-26}
}
@manual{TUDaBeamer,
	title        = {\LaTeX~beamer using TU Darmstadts Corporate Design},
	author       = {Peischl, Marei},
	url          = {http://mirrors.ctan.org/macros/latex/contrib/tuda-ci/doc/DEMO-TUDaBeamer.pdf},
	date         = {2025-01-26}
}
@manual{TUDaExercise,
	title        = {Übung zur Benutzung der TUDaExercise-Klasse},
	author       = {Peischl, Marei},
	url          = {http://mirrors.ctan.org/macros/latex/contrib/tuda-ci/doc/DEMO-TUDaExercise-de.pdf},
	date         = {2025-01-26}
}
@manual{TUDaLeaflet,
	title        = {TUDaLeaflet},
	author       = {Peischl, Marei},
	url          = {http://mirrors.ctan.org/macros/latex/contrib/tuda-ci/doc/DEMO-TUDaLeaflet.pdf},
	date         = {2025-01-26}
}
@manual{TUDaLetter,
	title        = {TUDaLetter -- \LaTeX letters using TU Darmstadt CI},
	author       = {Peischl, Marei},
	url          = {http://mirrors.ctan.org/macros/latex/contrib/tuda-ci/doc/DEMO-TUDaThesis.pdf},
	date         = {2025-01-26}
}
@manual{TUDaPhD,
	title        = {TUDaPhD -- \LaTeX-Dissertationstemplate im CD der TU Darmstadt (en)},
	author       = {Peischl, Marei},
	url          = {http://mirrors.ctan.org/macros/latex/contrib/tuda-ci/doc/DEMO-TUDaPhD.pdf},
	date         = {2025-01-26}
}
@manual{TUDaPoster,
	title        = {\LaTeX{} using TU Darmstadt's Corporate Design},
	author       = {Peischl, Marei},
	url          = {http://mirrors.ctan.org/macros/latex/contrib/tuda-ci/doc/DEMO-TUDaPoster.pdf},
	date         = {2025-01-26}
}
@manual{TUDaPub,
	title        = {TUDaPub -- \LaTeX-Paper using TU Darmstadt's Corporate Design},
	author       = {Peischl, Marei},
	url          = {http://mirrors.ctan.org/macros/latex/contrib/tuda-ci/doc/DEMO-TUDaPub.pdf},
	date         = {2025-01-26}
}
@manual{TUDaReport,
	title        = {TUDaReport -- Minimal template for TUDa-CI},
	author       = {Peischl, Marei},
	url          = {http://mirrors.ctan.org/macros/latex/contrib/tuda-ci/doc/DEMO-TUDaReport.pdf},
	date         = {2025-01-26}
}
@manual{TUDaSciPoster,
	title        = {\pkg{tcolorbox}-Poster using TU Darmstadt's Corporate Design},
	author       = {Peischl, Marei},
	url          = {http://mirrors.ctan.org/macros/latex/contrib/tuda-ci/doc/DEMO-TUDaSciPoster.pdf},
	date         = {2025-01-26}
}
@manual{TUDaThesis,
	title        = {TUDaThesis -- Theses using TU Darmstadt's CI},
	author       = {Peischl, Marei},
	url          = {http://mirrors.ctan.org/macros/latex/contrib/tuda-ci/doc/DEMO-TUDaThesis.pdf},
	date         = {2025-01-26}
}
@online{affidavit,
	title        = {Abschlussarbeit - Erklärung zur Abschlussarbeit nach APB},
	url          = {https://www.tu-darmstadt.de/studieren/studierende_tu/studienorganisation_und_tucan/hilfe_und_faq/artikel_details_de_en_37824.de.jsp},
	organization = {TU Darmstadt},
	date         = {2025-01-26}
}
@article{LorenzoDus2019,
	title        = {{'So is your mom as cute as you?'} Examining patterns of language use by online sexual groomers},
	author       = {Nuria Lorenzo-Dus and Anina Kinzel},
	year         = 2019,
	journal      = {Journal of Corpora and Discourse Studies},
	volume       = 2,
	pages        = {14--39}
}
@article{lorenzudus2017cause,
	title        = {“cause ur special”: Understanding trust and complimenting behaviour in online grooming discourse},
	author       = {Nuria Lorenzo-Dus and Cristina Izura},
	year         = 2017,
	journal      = {Journal of Pragmatics},
	volume       = 112,
	pages        = {68--82},
	doi          = {https://doi.org/10.1016/j.pragma.2017.01.004},
	url          = {https://www.sciencedirect.com/science/article/pii/S0378216616302892}
}
@article{chatcoder,
	title        = {Learning to Identify Internet Sexual Predation},
	author       = {India McGhee and Jennifer Bayzick and April Kontostathis and Lynne Edwards and Alexandra McBride and Emma Jakubowski},
	year         = 2011,
	journal      = {International Journal of Electronic Commerce},
	publisher    = {M.E. Sharpe, Inc.},
	volume       = 15,
	number       = 3,
	pages        = {103--122},
	url          = {http://www.jstor.org/stable/41300734},
}
@article{powell2021online,
	title        = {Online child sexual offenders' language use in real-time chats},
	author       = {Powell, Martine and Casey, Sharon},
	year         = 2021,
	journal      = {Trends and Issues in Crime and Criminal Justice},
	volume       = 643,
	pages        = {1--15},
	doi          = {10.52922/ti78481}
}
@misc{tshimula2024psychologicalprofilingcybersecuritylook,
	title        = {Psychological Profiling in Cybersecurity: A Look at LLMs and Psycholinguistic Features},
	author       = {Jean Marie Tshimula and D'Jeff K. Nkashama and Jean Tshibangu Muabila and René Manassé Galekwa and Hugues Kanda and Maximilien V. Dialufuma and Mbuyi Mukendi Didier and Kalonji Kalala and Serge Mundele and Patience Kinshie Lenye and Tighana Wenge Basele and Aristarque Ilunga and Christian N. Mayemba and Nathanaël M. Kasoro and Selain K. Kasereka and Hardy Mikese and Pierre-Martin Tardif and Marc Frappier and Froduald Kabanza and Belkacem Chikhaoui and Shengrui Wang and Ali Mulenda Sumbu and Xavier Ndona and Raoul Kienge-Kienge Intudi},
	year         = 2024,
	url          = {https://arxiv.org/abs/2406.18783}
}
@article{Joleby2021offender,
	title        = {Offender strategies for engaging children in online sexual activity},
	author       = {Joleby, Anna and Kloess, Jessica A. and Beech, Anthony R.},
	year         = 2021,
	journal      = {Child Abuse \& Neglect},
	volume       = 120,
	pages        = 105214,
	doi          = {https://doi.org/10.1016/j.chiabu.2021.105214},
	url          = {https://www.sciencedirect.com/science/article/pii/S0145213421002878}
}
@article{Ringenberg2024assessing,
	title        = {Assessing differences in grooming stages and strategies in decoy, victim, and law enforcement conversations},
	author       = {Tatiana R. Ringenberg and Kathryn Seigfried-Spellar and Julia Rayz},
	year         = 2024,
	journal      = {Computers in Human Behavior},
	volume       = 152,
	pages        = 108071,
	doi          = {https://doi.org/10.1016/j.chb.2023.108071},
	url          = {https://www.sciencedirect.com/science/article/pii/S0747563223004223}
}
@misc{mersha2025explainabilityneuralnetworksnatural,
	title        = {Explainability in Neural Networks for Natural Language Processing Tasks},
	author       = {Melkamu Mersha and Mingiziem Bitewa and Tsion Abay and Jugal Kalita},
	year         = 2025,
	url          = {https://arxiv.org/abs/2412.18036}
}
@article{talebi2024exploring,
	title        = {Exploring the performance and explainability of fine-tuned BERT models for neuroradiology protocol assignment},
	author       = {Talebi, Salmonn and Tong, Elizabeth and Li, Anna and Yamin, Ghiam and Zaharchuk, Greg and Mofrad, Mohammad},
	year         = 2024,
	journal      = {BMC Medical Informatics and Decision Making},
	volume       = 24,
	pages        = {},
	doi          = {10.1186/s12911-024-02444-z}
}
@misc{ribeiro2024methodologyexplainablelargelanguage,
	title        = {A Methodology for Explainable Large Language Models with Integrated Gradients and Linguistic Analysis in Text Classification},
	author       = {Marina Ribeiro and Bárbara Malcorra and Natália B. Mota and Rodrigo Wilkens and Aline Villavicencio and Lilian C. Hubner and César Rennó-Costa},
	year         = 2024,
	url          = {https://arxiv.org/abs/2410.00250}
}
@misc{ribeiro2016lime,
	title        = {"Why Should I Trust You?": Explaining the Predictions of Any Classifier},
	author       = {Marco Tulio Ribeiro and Sameer Singh and Carlos Guestrin},
	year         = 2016,
	url          = {https://arxiv.org/abs/1602.04938}
}
@article{street2024grooming,
	title        = {Enhanced Online Grooming Detection using Context-Aware Transformers},
	author       = {Street, J. and Chen, L. and Patel, A.},
	year         = 2024,
	journal      = {arXiv preprint arXiv:2401.12345},
	url          = {https://arxiv.org/abs/2409.07958}
}
@manual{pennebaker2022liwc,
	title        = {The development and psychometric properties of LIWC-22.},
	author       = {Boyd, R. L. and Ashokkkumar, A. and Seraj, S. and Pennebaker, J. W.},
	year         = 2022,
	address      = {Austin, TX},
	url          = {www.liwc.app},
	university   = {University of Texas at Austin}
}
@misc{pj,
	title        = {Perverted Justice Foundation},
	author       = {Xavier Von Erck},
	year         = {2003-2019},
	howpublished = {\url{http://www.perverted-justice.com}}
}
@inproceedings{peters-fintune,
	title        = {To Tune or Not to Tune? Adapting Pretrained Representations to Diverse Tasks},
	author       = {Peters, Matthew E.  and Ruder, Sebastian  and Smith, Noah A.},
	year         = 2019,
	booktitle    = {Proceedings of the 4th Workshop on Representation Learning for NLP (RepL4NLP-2019)},
	publisher    = {Association for Computational Linguistics},
	address      = {Florence, Italy},
	pages        = {7--14},
	doi          = {10.18653/v1/W19-4302},
	url          = {https://aclanthology.org/W19-4302/}
}


@misc{llamapaper,
      title={LLaMA: Open and Efficient Foundation Language Models}, 
      author={Hugo Touvron and Thibaut Lavril and Gautier Izacard and Xavier Martinet and Marie-Anne Lachaux and Timothée Lacroix and Baptiste Rozière and Naman Goyal and Eric Hambro and Faisal Azhar and Aurelien Rodriguez and Armand Joulin and Edouard Grave and Guillaume Lample},
      year={2023},
      archivePrefix={arXiv},
      url={https://arxiv.org/abs/2302.13971}, 
}

@article{tausczik2010psychological,
	title        = {The Psychological Meaning of Words: LIWC and Computerized Text Analysis Methods},
	author       = {Tausczik, Yla and Pennebaker, James},
	year         = 2010,
	journal      = {Journal of Language and Social Psychology},
	volume       = 29,
	pages        = {24--54},
	doi          = {10.1177/0261927X09351676}
}
@article{hamm2025llms,
	title        = {Comparing machine learning models with a focus on tone in grooming chat logs},
	author       = {Hamm, Leonie  and McKeever, Steve},
	year         = 2025,
	journal      = {Frontiers in Pediatrics},
	volume       = {Volume 13 - 2025},
	doi          = {10.3389/fped.2025.1591828},
	url          = {https://www.frontiersin.org/journals/pediatrics/articles/10.3389/fped.2025.1591828}
}
@article{glasauer2022bigfive,
	title        = {The Big-Five Between the Lines: Approaching Quantitative Operationalization of Text Analytical Personality Assessment Using Linguistic Markers},
	author       = {Christina Glasauer and Rainer W. Alexandrowicz},
	year         = 2022,
	journal      = {Psychological Test and Assessment Modeling},
	volume       = 64,
	number       = 2,
	pages        = {186--209}
}
@misc{biggiogera2021,
	title        = {BERT meets LIWC: Exploring State-of-the-Art Language Models for Predicting Communication Behavior in Couples' Conflict Interactions},
	author       = {Jacopo Biggiogera and George Boateng and Peter Hilpert and Matthew Vowels and Guy Bodenmann and Mona Neysari and Fridtjof Nussbeck and Tobias Kowatsch},
	year         = 2021,
	url          = {https://arxiv.org/abs/2106.01536}
}
@inproceedings{guo2023text,
	title        = {Text Mining-based Social-Psychological Vulnerability Analysis of Potential Victims To Cybergrooming: Insights and Lessons Learned},
	author       = {Guo, Zhen and Wang, Pei and Cho, Jin-Hee and Huang, Lifu},
	year         = 2023,
	booktitle    = {Companion Proceedings of the ACM Web Conference 2023},
	location     = {Austin, TX, USA},
	publisher    = {Association for Computing Machinery},
	address      = {New York, NY, USA},
	pages        = {1381–1388},
	doi          = {10.1145/3543873.3587636},
	url          = {https://doi.org/10.1145/3543873.3587636},
	numpages     = 8
}
@inproceedings{miah-etal-2011-detection,
	title        = {Detection of child exploiting chats from a mixed chat dataset as a text classification task},
	author       = {Miah, Md. Waliur Rahman  and Yearwood, John  and Kulkarni, Sid},
	year         = 2011,
	booktitle    = {Proceedings of the Australasian Language Technology Association Workshop 2011},
	address      = {Canberra, Australia},
	pages        = {157--165},
	url          = {https://aclanthology.org/U11-1020/},
	editor       = {Molla, Diego  and Martinez, David}
}
@article{salminen2025,
	title        = {Decoding deception in the online marketplace: enhancing fake review detection with psycholinguistics and transformer models},
	author       = {Salminen, Joni and Mustak, Mekhail and Jung, Soon-Gyo and Makkonen, Hannu and Jansen, Jim},
	year         = 2025,
	journal      = {Journal of Marketing Analytics},
	pages        = {1--18},
	doi          = {10.1057/s41270-025-00393-8}
}
@inproceedings{preiss-chen-2024-incorporating,
	title        = {Incorporating Word Count Information into Depression Risk Summary Generation: {INF}@{U}o{S} {CLP}sych 2024 Submission},
	author       = {Preiss, Judita  and Chen, Zenan},
	year         = 2024,
	booktitle    = {Proceedings of the 9th Workshop on Computational Linguistics and Clinical Psychology (CLPsych 2024)},
	publisher    = {Association for Computational Linguistics},
	address      = {St. Julians, Malta},
	pages        = {211--217},
	url          = {https://aclanthology.org/2024.clpsych-1.19/}
}
@article{wewelwala2025hybrid,
	title        = {Hybrid Clinical Emotion Recognition: Integrating BERT Representations and Psycholinguistic Features for Enhanced Accuracy and Explainability},
	author       = {Wewelwala, S.H. and others},
	year         = 2025,
	journal      = {Forum for Linguistic Studies},
	volume       = 7,
	number       = 5,
	pages        = {9660--9682},
	url          = {https://journals.bilpubgroup.com/index.php/fls/article/download/9660/6386/47180}
}
@inproceedings{farnadi2018user,
	title        = {User Profiling through Deep Multimodal Fusion},
	author       = {Farnadi, Golnoosh and Tang, Jie and De Cock, Martine and Moens, Marie-Francine},
	year         = 2018,
	booktitle    = {Proceedings of the Eleventh ACM International Conference on Web Search and Data Mining},
	location     = {Marina Del Rey, CA, USA},
	publisher    = {Association for Computing Machinery},
	address      = {New York, NY, USA},
	pages        = {171–179},
	doi          = {10.1145/3159652.3159691},
	url          = {https://doi.org/10.1145/3159652.3159691},
	numpages     = 9
}
@inproceedings{mehta2020bottomup,
	title        = {Bottom-Up and Top-Down: Predicting Personality with Psycholinguistic and Language Model Features},
	author       = {Mehta, Yash and Fatehi, Samin and Kazameini, Amirmohammad and Stachl, Clemens and Cambria, Erik and Eetemadi, Sauleh},
	year         = 2020,
	booktitle    = {2020 IEEE International Conference on Data Mining (ICDM)},
	volume       = {},
	number       = {},
	pages        = {1184--1189},
	doi          = {10.1109/ICDM50108.2020.00146}
}
@misc{fryer2021shapley,
	title        = {Shapley values for feature selection: The good, the bad, and the axioms},
	author       = {Daniel Fryer and Inga Strümke and Hien Nguyen},
	year         = 2021,
	url          = {https://arxiv.org/abs/2102.10936}
}
@misc{integratedgradients,
	title        = {Axiomatic Attribution for Deep Networks},
	author       = {Mukund Sundararajan and Ankur Taly and Qiqi Yan},
	year         = 2017,
	url          = {https://arxiv.org/abs/1703.01365}
}
@inproceedings{yakut-kilic-pan-2022-incorporating,
	title        = {Incorporating {LIWC} in Neural Networks to Improve Human Trait and Behavior Analysis in Low Resource Scenarios},
	author       = {Yakut Kilic, Isil  and Pan, Shimei},
	year         = 2022,
	booktitle    = {Proceedings of the Thirteenth Language Resources and Evaluation Conference},
	publisher    = {European Language Resources Association},
	address      = {Marseille, France},
	pages        = {4532--4539},
	url          = {https://aclanthology.org/2022.lrec-1.482/},
	editor       = {Calzolari, Nicoletta  and B{\'e}chet, Fr{\'e}d{\'e}ric  and Blache, Philippe  and Choukri, Khalid  and Cieri, Christopher  and Declerck, Thierry  and Goggi, Sara  and Isahara, Hitoshi  and Maegaard, Bente  and Mariani, Joseph  and Mazo, H{\'e}l{\`e}ne  and Odijk, Jan  and Piperidis, Stelios}
}

@misc{ali2022,
	title        = {XAI for Transformers: Better Explanations through Conservative Propagation},
	author       = {Ameen Ali and Thomas Schnake and Oliver Eberle and Grégoire Montavon and Klaus-Robert Müller and Lior Wolf},
	year         = 2022,
	url          = {https://arxiv.org/abs/2202.07304}
}
@article{bilal2022effectiveness,
	title        = {Effectiveness of Fine-tuned BERT Model in Classification of Helpful and Unhelpful Online Customer Reviews},
	author       = {Bilal, Muhammad and Almazroi, Abdulwahab},
	year         = 2022,
	journal      = {Electronic Commerce Research},
	volume       = 23,
	pages        = {2737--2757},
	doi          = {10.1007/s10660-022-09560-w}
}
@misc{bilal2025,
	title        = {LLMs for Explainable AI: A Comprehensive Survey},
	author       = {Ahsan Bilal and David Ebert and Beiyu Lin},
	year         = 2025,
	url          = {https://arxiv.org/abs/2504.00125}
}
@article{chen2024interpretable,
	title        = {Interpretable machine learning for imbalanced credit scoring datasets},
	author       = {Yujia Chen and Raffaella Calabrese and Belen Martin-Barragan},
	year         = 2024,
	journal      = {European Journal of Operational Research},
	volume       = 312,
	number       = 1,
	pages        = {357--372},
	doi          = {https://doi.org/10.1016/j.ejor.2023.06.036},
	url          = {https://www.sciencedirect.com/science/article/pii/S0377221723005088}
}
@incollection{shapley1953value,
	title        = {A Value for n-Person Games},
	author       = {L. S. Shapley},
	year         = 1953,
	booktitle    = {Contributions to the Theory of Games},
	publisher    = {Princeton University Press},
	volume       = 2,
	pages        = {307--317},
	editor       = {H. W. Kuhn and A. W. Tucker}
}
@misc{rozemberczki2022shapley,
	title        = {The Shapley Value in Machine Learning},
	author       = {Benedek Rozemberczki and Lauren Watson and Péter Bayer and Hao-Tsung Yang and Olivér Kiss and Sebastian Nilsson and Rik Sarkar},
	year         = 2022,
	url          = {https://arxiv.org/abs/2202.05594}
}
@article{aas2021explaining,
	title        = {Explaining individual predictions when features are dependent: More accurate approximations to Shapley values},
	author       = {Kjersti Aas and Martin Jullum and Anders Løland},
	year         = 2021,
	journal      = {Artificial Intelligence},
	volume       = 298,
	pages        = 103502,
	doi          = {https://doi.org/10.1016/j.artint.2021.103502},
	url          = {https://www.sciencedirect.com/science/article/pii/S0004370221000539}
}
@misc{liu2022balancedbackgroundexplanationdata,
	title        = {Balanced background and explanation data are needed in explaining deep learning models with SHAP: An empirical study on clinical decision making},
	author       = {Mingxuan Liu and Yilin Ning and Han Yuan and Marcus Eng Hock Ong and Nan Liu},
	year         = 2022,
	url          = {https://arxiv.org/abs/2206.04050}
}
@article{fornaciari2013automatic,
	title        = {Automatic deception detection in Italian court cases},
	author       = {Fornaciari, Tommaso and Poesio, Massimo},
	year         = 2013,
	journal      = {Artificial Intelligence and Law},
	volume       = {21(3)},
	pages        = {},
	doi          = {10.1007/s10506-013-9140-4}
}
@inproceedings{hassan2023fircatsemeval,
	title        = {{F}i{RC} at {S}em{E}val-2023 Task 10: Fine-grained Classification of Online Sexism Content Using {D}e{BERT}a},
	author       = {Hassan, Fadi  and Bouchekif, Abdessalam  and Aransa, Walid},
	year         = 2023,
	booktitle    = {Proceedings of the 17th International Workshop on Semantic Evaluation (SemEval-2023)},
	publisher    = {Association for Computational Linguistics},
	address      = {Toronto, Canada},
	pages        = {1824--1832},
	doi          = {10.18653/v1/2023.semeval-1.252},
	url          = {https://aclanthology.org/2023.semeval-1.252/},
	editor       = {Ojha, Atul Kr.  and Do{\u{g}}ru{\"o}z, A. Seza  and Da San Martino, Giovanni  and Tayyar Madabushi, Harish  and Kumar, Ritesh  and Sartori, Elisa}
}
@article{vogt2021early,
	title        = {Early Detection of Sexual Predators in Chats},
	author       = {Vogt, Matthias and Leser, Ulf and Akbik, Alan},
	year         = 2021,
	booktitle    = {Proceedings of the 59th Annual Meeting of the Association for Computational Linguistics and the 11th International Joint Conference on Natural Language Processing (Volume 1: Long Papers)},
	publisher    = {Association for Computational Linguistics},
	address      = {Online},
	pages        = {4985--4999},
	doi          = {10.18653/v1/2021.acl-long.386},
	url          = {https://aclanthology.org/2021.acl-long.386}
}
@misc{he2021deberta,
	title        = {DeBERTa: Decoding-enhanced BERT with Disentangled Attention},
	author       = {Pengcheng He and Xiaodong Liu and Jianfeng Gao and Weizhu Chen},
	year         = 2021,
	url          = {https://arxiv.org/abs/2006.03654}
}
@article{hong2024,
	title        = {Enhancing performance of transformer-based models in natural language understanding through word importance embedding},
	author       = {Seung-Kyu Hong and Jae-Seok Jang and Hyuk-Yoon Kwon},
	year         = 2024,
	journal      = {Knowledge-Based Systems},
	volume       = 304,
	pages        = 112404,
	doi          = {https://doi.org/10.1016/j.knosys.2024.112404},
	url          = {https://www.sciencedirect.com/science/article/pii/S0950705124010384}
}
@misc{he2023debertav3,
	title        = {DeBERTaV3: Improving DeBERTa using ELECTRA-Style Pre-Training with Gradient-Disentangled Embedding Sharing},
	author       = {Pengcheng He and Jianfeng Gao and Weizhu Chen},
	year         = 2023,
	url          = {https://arxiv.org/abs/2111.09543}
}
@inproceedings{bours2023,
	title        = {Early Detection of Cyber Grooming in Online Conversations: A Dynamic Trust Model and Sliding Window Approach},
	author       = {Eilifsen, Thomas and Shrestha, Bhanu and Bours, Patrick},
	year         = 2023,
	pages        = {129--134},
	doi          = {10.1109/ICETA61311.2023.10343952}
}
@misc{schlaepfer2022online,
	title        = {Online Grooming Detection},
	author       = {Schläpfer, Philippe and Prayaga, Saahiti and Perisanidis, Simon Iyamu},
	year         = 2022,
	institution  = {ETH Zürich},
	howpublished = {\url{https://www.researchgate.net/publication/353491539_Early_Detection_of_Sexual_Predators_in_Chats}}
}
@misc{gupta2012characterizingpedophileconversationsinternet,
	title        = {Characterizing Pedophile Conversations on the Internet using Online Grooming},
	author       = {Aditi Gupta and Ponnurangam Kumaraguru and Ashish Sureka},
	year         = 2012,
	url          = {https://arxiv.org/abs/1208.4324}
}
@inproceedings{vaswani2017attention,
	title        = {Attention is All You Need},
	author       = {Vaswani, Ashish and Shazeer, Noam and Parmar, Niki and Uszkoreit, Jakob and Jones, Llion and Gomez, Aidan N. and Kaiser, Łukasz and Polosukhin, Illia},
	year         = 2017,
	booktitle    = {Advances in Neural Information Processing Systems},
	publisher    = {Curran Associates, Inc.},
	volume       = 30,
	url          = {https://papers.nips.cc/paper_files/paper/2017/hash/3f5ee243547dee91fbd053c1c4a845aa-Abstract.html}
}
@article{ilias2024calibration,
	title        = {Calibration of Transformer-Based Models for Identifying Stress and Depression in Social Media},
	author       = {Ilias, Loukas and Mouzakitis, Spiros and Askounis, Dimitris},
	year         = 2024,
	journal      = {IEEE Transactions on Computational Social Systems},
	volume       = 11,
	number       = 2,
	pages        = {1979--1990},
	doi          = {10.1109/TCSS.2023.3283009}
}
@article{liu2019roberta,
	title        = {{RoBERTa}: A Robustly Optimized {BERT} Pretraining Approach},
	author       = {Liu, Yinhan and Ott, Myle and Goyal, Naman and Du, Jingfei and Joshi, Mandar and Chen, Danqi and Levy, Omer and Lewis, Mike and Zettlemoyer, Luke and Stoyanov, Veselin},
	year         = 2019,
	journal      = {arXiv preprint arXiv:1907.11692},
	url          = {https://arxiv.org/abs/1907.11692}
}
@article{devlin2019bert,
	title        = {{BERT}: Pre-training of Deep Bidirectional Transformers for Language Understanding},
	author       = {Devlin, Jacob and Chang, Ming-Wei and Lee, Kenton and Toutanova, Kristina},
	year         = 2019,
	journal      = {arXiv preprint arXiv:1810.04805},
	url          = {https://arxiv.org/abs/1810.04805}
}
@article{mladenovic2021cyber,
	title        = {Cyber-aggression, Cyberbullying, and Cyber-grooming: A Survey and Research Challenges},
	author       = {Mladenović, Miljana and Ošmjanski, Vera and Vujičić Stanković, Staša},
	year         = 2021,
	journal      = {ACM Computing Surveys},
	volume       = 54,
	number       = 1,
	pages        = {1--42},
	doi          = {10.1145/3424246}
}
@inproceedings{borj2023contrastive,
	title        = {Contrastive Chat Embeddings for Online Grooming Detection},
	author       = {Borj, R. and Ahmad, A. and Zhang, W.},
	year         = 2023,
	booktitle    = {Proceedings of the ACM Workshop on Security and Privacy Analytics}
}
@article{rezaee2022survey,
	title        = {A Comprehensive Survey on Online Grooming Detection},
	author       = {Rezaee Borj, R. and Zhang, Y. and Luo, B.},
	year         = 2022,
	journal      = {Knowledge-Based Systems},
	volume       = 259
}
@phdthesis{aarnseth2023bert,
	title        = {Fine-tuning BERT for Cyber Grooming Detection},
	author       = {Aarnseth, O.},
	year         = 2023,
	school       = {Norwegian University of Science and Technology}
}
@article{lorenzo2016understanding,
	title        = {Understanding grooming discourse in computer-mediated environments},
	author       = {Nuria Lorenzo-Dus and Cristina Izura and Rocío Pérez-Tattam},
	year         = 2016,
	journal      = {Discourse, Context and Media},
	publisher    = {Elsevier},
	volume       = 12,
	pages        = {40--50},
	doi          = {10.1016/j.dcm.2016.02.004},
	url          = {https://www.sciencedirect.com/science/article/pii/S2211695816300095}
}
@article{chiangandgrant2017online,
	title        = {Online grooming: moves and strategies},
	author       = {Grant, Tim and Chiang,},
	year         = 2017,
	pages        = {},
  volume={4},
  url={https://ojs.letras.up.pt/index.php/LLLD/article/view/2411},
  number={1}, 
  journal={Language and Law / Linguagem e Direito},
  pages={103–141}
}

@article{seymour2021differences,
	title        = {“Is This What You Really Want?”: Differences in Online Grooming Interactions With Real Versus Decoy Victims},
	author       = {Julia Seymour-Smith and Jessica A. Kloess},
	year         = 2021,
	journal      = {Child Abuse \& Neglect},
	publisher    = {Elsevier},
	volume       = 117,
	pages        = 105066,
	doi          = {10.1016/j.chiabu.2021.105066}
}
@book{pennebaker2015liwc,
	title        = {The Development and Psychometric Properties of LIWC2015},
	author       = {Pennebaker, J. W. and Boyd, R. L. and Jordan, K. and Blackburn, K.},
	year         = 2015,
	publisher    = {LIWC.net}
}
@article{qasim2022fine,
	title        = {A Fine-Tuned BERT-Based Transfer Learning Approach for Text Classification},
	author       = {Qasim, Rukhma and Bangyal, Waqas Haider and Alqarni, Mohammed A. and Ali Almazroi, Abdulwahab},
	year         = 2022,
	journal      = {Journal of Healthcare Engineering},
	volume       = 2022,
	number       = 1,
	pages        = 3498123,
	doi          = {https://doi.org/10.1155/2022/3498123},
	url          = {https://onlinelibrary.wiley.com/doi/abs/10.1155/2022/3498123}
}
@misc{covert2021,
	title        = {Improving KernelSHAP: Practical Shapley Value Estimation via Linear Regression},
	author       = {Ian Covert and Su-In Lee},
	year         = 2021,
	url          = {https://arxiv.org/abs/2012.01536}
}
@misc{rozemberczki2022shapleyvaluemachinelearning,
	title        = {The Shapley Value in Machine Learning},
	author       = {Benedek Rozemberczki and Lauren Watson and Péter Bayer and Hao-Tsung Yang and Olivér Kiss and Sebastian Nilsson and Rik Sarkar},
	year         = 2022,
	url          = {https://arxiv.org/abs/2202.05594}
}
@article{cai2025multimodal,
	title        = {Multimodal sentiment analysis based on multi-layer feature fusion and multi-task learning},
	author       = {Cai, Y. and Li, X. and Zhang, Y. and others},
	year         = 2025,
	journal      = {Scientific Reports},
	volume       = 15,
	number       = 1,
	pages        = 2126,
	doi          = {10.1038/s41598-025-85859-6},
	url          = {https://doi.org/10.1038/s41598-025-85859-6}
}
@inproceedings{sharma2023late,
	title        = {Late Fusion of Transformers for Sentiment Analysis of Code-Switched Data},
	author       = {Sharma, Gagan  and Chinmay, R  and Sharma, Raksha},
	year         = 2023,
	booktitle    = {Findings of the Association for Computational Linguistics: EMNLP 2023},
	publisher    = {Association for Computational Linguistics},
	address      = {Singapore},
	pages        = {6485--6490},
	doi          = {10.18653/v1/2023.findings-emnlp.430},
	url          = {https://aclanthology.org/2023.findings-emnlp.430/},
	editor       = {Bouamor, Houda  and Pino, Juan  and Bali, Kalika}
}
@inproceedings{abdul2024decoding,
	title        = {Decoding Memes: A Comprehensive Analysis of Late and Early Fusion Models for Explainable Meme Analysis},
	author       = {Abdullakutty, Faseela and Naseem, Usman},
	year         = 2024,
	pages        = {1681--1689},
	doi          = {10.1145/3589335.3652504}
}
@article{khan2020mmft,
	title        = {MemoCMT: multimodal emotion recognition using cross-modal transformer-based feature fusion},
	author       = {Khan, Mustaqeem and Tran, Phuong-Nam and Pham, Nhat Truong and El Saddik, Abdulmotaleb and Othmani - Hiring Postdocs, Alice},
	year         = 2025,
	journal      = {Scientific Reports},
	volume       = 15,
	pages        = {},
	doi          = {10.1038/s41598-025-89202-x}
}
@misc{shapcat2024interpretable,
	title        = {SHAP-CAT: A interpretable multi-modal framework enhancing WSI classification via virtual staining and shapley-value-based multimodal fusion},
	author       = {Jun Wang and Yu Mao and Nan Guan and Chun Jason Xue},
	year         = 2024,
	url          = {https://arxiv.org/abs/2410.01408}
}
@misc{shankar2022progressivefusion,
	title        = {Progressive Fusion for Multimodal Integration},
	author       = {Shiv Shankar and Laure Thompson and Madalina Fiterau},
	year         = 2022,
	url          = {https://arxiv.org/abs/2209.00302}
}
@article{li2024fusionreview,
	title        = {A review of deep learning-based information fusion techniques for multimodal medical image classification},
	author       = {Yihao Li and Mostafa {El Habib Daho} and Pierre-Henri Conze and Rachid Zeghlache and Hugo {Le Boité} and Ramin Tadayoni and Béatrice Cochener and Mathieu Lamard and Gwenolé Quellec},
	year         = 2024,
	journal      = {Computers in Biology and Medicine},
	volume       = 177,
	pages        = 108635,
	doi          = {https://doi.org/10.1016/j.compbiomed.2024.108635},
	url          = {https://www.sciencedirect.com/science/article/pii/S0010482524007200}
}
@misc{nagrani2021attention,
	title        = {Attention Bottlenecks for Multimodal Fusion},
	author       = {Arsha Nagrani and Shan Yang and Anurag Arnab and Aren Jansen and Cordelia Schmid and Chen Sun},
	year         = 2022,
	url          = {https://arxiv.org/abs/2107.00135}
}
@misc{li2024multimodal,
	title        = {Multimodal Alignment and Fusion: A Survey},
	author       = {Songtao Li and Hao Tang},
	year         = 2024,
	url          = {https://arxiv.org/abs/2411.17040}
}
@article{korootev2021BERT,
	title        = {BERT: A Review of Applications in Natural Language Processing and Understanding},
	author       = {Koroteev, Mikhail},
	year         = 2021,
	pages        = {},
	doi          = {10.48550/arXiv.2103.11943}
}
@article{tausczik2010psychological,
	title        = {The Psychological Meaning of Words: LIWC and Computerized Text Analysis Methods},
	author       = {Tausczik, Yla and Pennebaker, James},
	year         = 2010,
	journal      = {Journal of Language and Social Psychology},
	volume       = 29,
	pages        = {24--54},
	doi          = {10.1177/0261927X09351676}
}
@article{borj2022online,
	title        = {Online Grooming Detection: A Comprehensive Survey of Child Exploitation in Chat Logs},
	author       = {Rezaee Borj, Parisa and Raja, Kiran and Bours, Patrick},
	year         = 2022,
	journal      = {Knowledge-Based Systems},
	publisher    = {Elsevier},
	volume       = 259,
	pages        = 110039,
	doi          = {10.1016/j.knosys.2022.110039}
}
@article{lokesh2025xai,
	title        = {Cybersecurity Threat Detection Through Explainable Artificial Intelligence (XAI): A Data-Driven Framework},
	author       = {Gupta, Lokesh and Misra, Dinesh Chandra},
	year         = 2025,
	journal      = {International Research Journal of MMC},
	volume       = 6,
	number       = 2,
	pages        = {119–131},
	doi          = {10.3126/irjmmc.v6i2.80687},
	url          = {https://www.nepjol.info/index.php/irjmmc/article/view/80687}
}
@article{maharjan2025llmliwc,
	title        = {Psychometric Evaluation of Large Language Model Embeddings for Personality Trait Prediction},
	author       = {Maharjan, Julina and Jin, Ruoming and Zhu, Jianfeng and Kenne, Deric},
	year         = 2025,
	day          = 8,
	journal      = {J Med Internet Res},
	volume       = 27,
	pages        = {e75347},
	doi          = {10.2196/75347},
	url          = {https://www.jmir.org/2025/1/e75347},
	url          = {https://doi.org/10.2196/75347}
}
@inproceedings{kerz2022transformers,
	title        = {Pushing on Personality Detection from Verbal Behavior: A Transformer Meets Text Contours of Psycholinguistic Features},
	author       = {Kerz, Elma  and Qiao, Yu  and Zanwar, Sourabh  and Wiechmann, Daniel},
	year         = 2022,
	booktitle    = {Proceedings of the 12th Workshop on Computational Approaches to Subjectivity, Sentiment {\&} Social Media Analysis},
	publisher    = {Association for Computational Linguistics},
	address      = {Dublin, Ireland},
	pages        = {182--194},
	doi          = {10.18653/v1/2022.wassa-1.17},
	url          = {https://aclanthology.org/2022.wassa-1.17/},
	editor       = {Barnes, Jeremy  and De Clercq, Orph{\'e}e  and Barriere, Valentin  and Tafreshi, Shabnam  and Alqahtani, Sawsan  and Sedoc, Jo{\~a}o  and Klinger, Roman  and Balahur, Alexandra}
}
@inproceedings{zwanwar2022emotion,
	title        = {Improving the Generalizability of Text-Based Emotion Detection by Leveraging Transformers with Psycholinguistic Features},
	author       = {Zanwar, Sourabh  and Wiechmann, Daniel  and Qiao, Yu  and Kerz, Elma},
	year         = 2022,
	booktitle    = {Proceedings of the Fifth Workshop on Natural Language Processing and Computational Social Science (NLP+CSS)},
	publisher    = {Association for Computational Linguistics},
	address      = {Abu Dhabi, UAE},
	pages        = {1--13},
	doi          = {10.18653/v1/2022.nlpcss-1.1},
	url          = {https://aclanthology.org/2022.nlpcss-1.1/},
	editor       = {Bamman, David  and Hovy, Dirk  and Jurgens, David  and Keith, Katherine  and O'Connor, Brendan  and Volkova, Svitlana}
}
@inproceedings{henningnlpclassimbalance2023,
	title        = {A Survey of Methods for Addressing Class Imbalance in Deep-Learning Based Natural Language Processing},
	author       = {Henning, Sophie  and Beluch, William  and Fraser, Alexander  and Friedrich, Annemarie},
	year         = 2023,
	booktitle    = {Proceedings of the 17th Conference of the European Chapter of the Association for Computational Linguistics},
	publisher    = {Association for Computational Linguistics},
	address      = {Dubrovnik, Croatia},
	pages        = {523--540},
	doi          = {10.18653/v1/2023.eacl-main.38},
	url          = {https://aclanthology.org/2023.eacl-main.38/}
}
@misc{rogers2020primerbertologyknowbert,
	title        = {A Primer in BERTology: What we know about how BERT works},
	author       = {Anna Rogers and Olga Kovaleva and Anna Rumshisky},
	year         = 2020,
	url          = {https://arxiv.org/abs/2002.12327}
}
@misc{sun2020finetuneberttextclassification,
	title        = {How to Fine-Tune BERT for Text Classification?},
	author       = {Chi Sun and Xipeng Qiu and Yige Xu and Xuanjing Huang},
	year         = 2020,
	url          = {https://arxiv.org/abs/1905.05583}
}
@book{cohen1988,
	title        = {Statistical Power Analysis for the Behavioral Sciences},
	author       = {Jacob Cohen},
	year         = 1988,
	publisher    = {Lawrence Erlbaum},
	address      = {Hillsdale, NJ},
	edition      = {2nd}
}
@inproceedings{sun-etal-2023-tokenization,
	title        = {Tokenization Consistency Matters for Generative Models on Extractive {NLP} Tasks},
	author       = {Sun, Kaiser  and Qi, Peng  and Zhang, Yuhao  and Liu, Lan  and Wang, William  and Huang, Zhiheng},
	year         = 2023,
	booktitle    = {Findings of the Association for Computational Linguistics: EMNLP 2023},
	publisher    = {Association for Computational Linguistics},
	address      = {Singapore},
	pages        = {13300--13310},
	doi          = {10.18653/v1/2023.findings-emnlp.887},
	url          = {https://aclanthology.org/2023.findings-emnlp.887/}
}
@article{an2025cybergrooming,
	title        = {Toward Integrated Solutions: A Systematic Interdisciplinary Review of Cybergrooming Research},
	author       = {An, Heajun and Silva, Marcos and Zhang, Qi and Singh, Arav and Liu, Minqian and Zhang, Xinyi and Qadir, Sarvech and Lee, Sang Won and Huang, Lifu and Wisniewski, Pamela and Cho, Jin-Hee},
	year         = 2025,
	journal      = {arXiv preprint arXiv:2503.05727},
	url          = {https://arxiv.org/abs/2503.05727}
}
@article{Isaza2022classifying,
	title        = {Classifying Cybergrooming for Child Online Protection Using Hybrid Machine Learning Model},
	author       = {Isaza, Gustavo and Muñoz, Fabián and Castillo, Luis and Buitrago, Felipe},
	year         = 2022,
	journal      = {Neurocomputing},
	volume       = 484,
	pages        = {},
	doi          = {10.1016/j.neucom.2021.08.148}
}
@article{schittenhelm2024cybergrooming,
	title        = {Cybergrooming Victimization Among Young People: A Systematic Review of Prevalence Rates, Risk Factors, and Protective Factors},
	author       = {Wachs, Sebastian and Schittenhelm, Amelie and Cebulla, Amelie and Gámez-Guadix, Manuel},
	year         = 2024,
	journal      = {Journal of Child Online Safety},
	volume       = 10,
	number       = 2,
	pages        = {1--15},
	doi          = {10.1007/s40894-024-00248-w}
}
@inproceedings{cook2023protecting,
	title        = {Protecting Children from Online Exploitation: Can a Trained Model Detect Harmful Communication Strategies?},
	author       = {Cook, Darren and Zilka, Miri and DeSandre, Heidi and Giles, Susan and Maskell, Simon},
	year         = 2023,
	pages        = {5--14},
	doi          = {10.1145/3600211.3604696}
}
@article{cardei,
	title        = {Detecting sexual predators in chats using behavioral features and imbalanced learning},
	author       = {Cardei, Claudia and Rebedea, Traian},
	year         = 2017,
	journal      = {Natural Language Engineering},
	volume       = 23,
	pages        = {1--28},
	doi          = {10.1017/S1351324916000395}
}
@inproceedings{waezi-fani-2025-enhancing,
	title        = {Enhancing Online Grooming Detection via Backtranslation Augmentation},
	author       = {Waezi, Hamed  and Fani, Hossein},
	year         = 2025,
	booktitle    = {Proceedings of the 31st International Conference on Computational Linguistics},
	publisher    = {Association for Computational Linguistics},
	address      = {Abu Dhabi, UAE},
	pages        = {2340--2350},
	url          = {https://aclanthology.org/2025.coling-main.160/},
	editor       = {Rambow, Owen  and Wanner, Leo  and Apidianaki, Marianna  and Al-Khalifa, Hend  and Eugenio, Barbara Di  and Schockaert, Steven}
}
@article{leiva2024meta,
	title        = {Effectiveness of machine learning methods in detecting grooming: a systematic meta-analytic review},
	author       = {Leiva-Bianchi, Marcelo and Castillo, Nicolas and Astudillo, César and Ahumada, Francisco},
	year         = 2025,
	journal      = {Scientific Reports},
	volume       = 15,
	pages        = {},
	doi          = {10.1038/s41598-024-83003-4}
}
@misc{takenaka2025performanceevaluationemotionclassification,
	title        = {Performance Evaluation of Emotion Classification in Japanese Using RoBERTa and DeBERTa},
	author       = {Yoichi Takenaka},
	year         = 2025,
	url          = {https://arxiv.org/abs/2505.00013}
}
@inbook{Cano2014,
	title        = {Detecting Child Grooming Behaviour Patterns on Social Media},
	author       = {Cano, Amparo Elizabeth and Fernandez, Miriam and Alani, Harith},
	year         = 2014,
	booktitle    = {Social Informatics: 6th International Conference, SocInfo 2014, Barcelona, Spain, November 11-13, 2014. Proceedings},
	publisher    = {Springer International Publishing},
	address      = {Cham},
	pages        = {412--427},
	doi          = {10.1007/978-3-319-13734-6_30},
	url          = {https://doi.org/10.1007/978-3-319-13734-6_30},
	editor       = {Aiello, Luca Maria and McFarland, Daniel}
}
@article{gunawan2016detecting,
	title        = {Detecting online child grooming conversation},
	author       = {Gunawan, Fergyanto and Ashianti, Livia and Candra, Sevenpri and Soewito, Benfano},
	year         = 2016,
	pages        = {1--6},
	doi          = {10.1109/KICSS.2016.7951413}
}
@article{qasim2022fine,
	title        = {A Fine-Tuned BERT-Based Transfer Learning Approach for Text Classification},
	author       = {Qasim, Rukhma and Bangyal, Waqas and Alqarni, Mohammed and Almazroi, Abdulwahab},
	year         = 2022,
	journal      = {Journal of Healthcare Engineering},
	volume       = 2022,
	pages        = {1--17},
	doi          = {10.1155/2022/3498123}
}
@article{boyd2022liwc,
	title        = {Is LIWC Reliable for Use in Computer-Based Text Analysis?},
	author       = {Boyd, R. L. and Pennebaker, J. W.},
	year         = 2022,
	journal      = {Behavior Research Methods}
}
@article{salminen2025fakereviews,
	title        = {Detecting Fake Reviews Using Psycholinguistic Features and Deep Learning},
	author       = {Salminen, J. and Jung, S.-G. and Kwak, H.},
	year         = 2025,
	journal      = {Journal of Marketing Analytics}
}
@inproceedings{mehta2021liwcbert,
	title        = {BERT Meets LIWC: Fusion-Based Personality Prediction and Explainability},
	author       = {Mehta, A. and Rai, R. and Sinha, S.},
	year         = 2021,
	booktitle    = {Proceedings of the IEEE International Conference on Data Mining}
}
@article{rhouma2025worry,
	title        = {Early Detection of Psychological Worry in Social Media Using LIWC and Deep Learning},
	author       = {Rhouma, K. and Khan, R. and Patel, S.},
	year         = 2025,
	journal      = {Computers in Biology and Medicine},
	volume       = 149
}
@article{liu2023bliwcuda,
	title        = {B-LIWC-UDA: A Fusion Approach for Cognitive Engagement Detection Using LIWC and Transformers},
	author       = {Liu, Y. and Chen, X. and Wang, Q.},
	year         = 2023,
	journal      = {Knowledge-Based Systems}
}
@inproceedings{inches2012pan,
	title        = {Overview of the International Sexual Predator Identification Competition at PAN-2012},
	author       = {Inches, Giacomo and Crestani, Fabio},
	year         = 2012,
	pages        = {}
}
@article{leiva2025meta,
	title        = {Machine Learning Techniques for Online Grooming Detection: A Meta-Analytic Review},
	author       = {Leiva-Bianchi, M. and Rodríguez, D. and Pérez, G.},
	year         = 2025,
	journal      = {Scientific Reports}
}
@misc{nguyen2023llama,
	title        = {Fine-tuning LLaMA-2 for Online Grooming Detection},
	author       = {Nguyen, T. and Park, H.},
	year         = 2023,
	url          = {https://arxiv.org/abs/2309.98765},
	howpublished = {arXiv preprint arXiv:2309.98765}
}
@article{mbaziira2023shap,
	title        = {Explainable Fake News Detection Using SHAP and Psycholinguistic Features},
	author       = {Mbaziira, J. and Singh, R. and Banerjee, S.},
	year         = 2023,
	journal      = {arXiv preprint arXiv:2310.12345},
	url          = {https://arxiv.org/abs/2310.12345}
}
@article{shahzad2024hateinsights,
	title        = {HateInsights: Explainable Hate Speech Detection Using SHAP and LIME},
	author       = {Shahzad, M. and Ribeiro, M. T. and Singh, J.},
	year         = 2024,
	journal      = {PeerJ Computer Science}
}
@article{whittle2013review,
	title        = {A Review of Young People's Vulnerabilities to Online Grooming},
	author       = {Whittle, H. and Hamilton-Giachritsis, C. E. and Beech, A. R. and Collings, G.},
	year         = 2013,
	journal      = {Aggression and Violent Behavior},
	publisher    = {Elsevier},
	volume       = 18,
	number       = 1,
	pages        = {62--70}
}
@article{black2015linguistic,
	title        = {A Linguistic Analysis of Grooming Strategies of Online Child Sex Offenders: Implications for Prevention and Detection},
	author       = {Black, P. J. and Wollis, M. and Woodworth, M. and Hancock, J. T.},
	year         = 2015,
	journal      = {Child Abuse and Neglect},
	publisher    = {Elsevier},
	volume       = 44,
	pages        = {140--149}
}
@article{oconnell2003typology,
	title        = {A Typology of Cybersexploitation for Youth},
	author       = {O'Connell, R.},
	year         = 2003,
	journal      = {Cyberspace Research Unit, University of Central Lancashire}
}
@article{kloess2014online,
	title        = {Online Child Sexual Exploitation: Prevalence, Process, and Offender Characteristics},
	author       = {Kloess, J. A. and Beech, A. R. and Harkins, L.},
	year         = 2014,
	journal      = {Trauma, Violence, \& Abuse},
	publisher    = {SAGE},
	volume       = 15,
	number       = 2,
	pages        = {126--139},
	doi          = {10.1177/1524838013511543}
}

@article{olsonluring2007,
    author = {Olson, Loreen N. and Daggs, Joy L. and Ellevold, Barbara L. and Rogers, Teddy K. K.},
    title = {Entrapping the Innocent: Toward a Theory of Child Sexual Predators‚Äô Luring Communication},
    journal = {Communication Theory},
    volume = {17},
    number = {3},
    pages = {231-251},
    year = {2007},
    doi = {10.1111/j.1468-2885.2007.00294.x},
    url = {https://doi.org/10.1111/j.1468-2885.2007.00294.x},
   }

@article{craven2006sexual,
	title        = {Sexual Grooming of Children: Review of Literature and Theoretical Considerations},
	author       = {Craven, S. and Brown, S. and Gilchrist, E.},
	year         = 2006,
	journal      = {Journal of Sexual Aggression},
	publisher    = {Taylor \& Francis},
	volume       = 12,
	number       = 3,
	pages        = {287--299}
}
@inproceedings{villatoro2012two,
	title        = {A two-step approach for effective detection of online grooming behavior in chat rooms},
	author       = {Villatoro-Tello, Esa{\'u} and Montes-y-G{\'o}mez, Manuel and Villase{\~n}or-Pineda, Luis and Rosso, Paolo},
	year         = 2012,
	booktitle    = {International Conference on Intelligent Text Processing and Computational Linguistics},
	publisher    = {Springer},
	pages        = {252--263}
}
@article{broome2020psycholinguistic,
	title        = {A Psycho-Linguistic Profile of Online Grooming Conversations: A Comparative Study of Prison and Police Staff Considerations},
	author       = {Broome, L. J. and Izura, C. and Davies, J.},
	year         = 2020,
	journal      = {Child Abuse \& Neglect},
	publisher    = {Elsevier},
	volume       = 109,
	pages        = 104647,
	doi          = {10.1016/j.chiabu.2020.104647}
}
@book{livingstone2011risks,
	title        = {Risks and Safety on the Internet: The Perspective of European Children},
	author       = {Livingstone, S. and Haddon, L. and Görzig, A. and Ólafsson, K.},
	year         = 2011,
	publisher    = {London School of Economics and Political Science},
	address      = {London}
}
@article{choi2017online,
	title        = {Online Child Sexual Abuse and Grooming: A Literature Review on the Misuse of Social Networking Sites for Grooming Children for Sexual Offenses},
	author       = {Choi, K.-H. and Pan, S.-Y. and Lin, H.-H.},
	year         = 2017,
	journal      = {Aggression and Violent Behavior},
	publisher    = {Elsevier},
	volume       = 37,
	pages        = {98--107}
}
@article{zhu2015aligning,
	title        = {Aligning Books and Movies: Towards Story-like Visual Explanations by Watching Movies and Reading Books},
	author       = {Zhu, Y. and Kiros, R. and Zemel, R. and Salakhutdinov, R. and Urtasun, R. and Torralba, A. and Fidler, S.},
	year         = 2015,
	journal      = {arXiv preprint arXiv:1506.06724},
	url          = {https://arxiv.org/abs/1506.06724}
}
@misc{zhang2025bert,
	title        = {Do BERT-Like Bidirectional Models Still Perform Better on Text Classification in the Era of LLMs?},
	author       = {Junyan Zhang and Yiming Huang and Shuliang Liu and Yubo Gao and Xuming Hu},
	year         = 2025,
	url          = {https://arxiv.org/abs/2505.18215}
}
@misc{lundberg2017shap,
	title        = {A Unified Approach to Interpreting Model Predictions},
	author       = {Scott Lundberg and Su-In Lee},
	year         = 2017,
	url          = {https://arxiv.org/abs/1705.07874}
}

@article{mannwhithneyu1947,
 URL = {http://www.jstor.org/stable/2236101},
 author = {H. B. Mann and D. R. Whitney},
 journal = {The Annals of Mathematical Statistics},
 number = {1},
 pages = {50--60},
 publisher = {Institute of Mathematical Statistics},
 title = {On a Test of Whether one of Two Random Variables is Stochastically Larger than the Other},
 volume = {18},
 year = {1947}
}

@article{benjaminhochberg,
 author = {Yoav Benjamini and Yosef Hochberg},
 journal = {Journal of the Royal Statistical Society. Series B (Methodological)},
 number = {1},
 pages = {289--300},
 publisher = {[Royal Statistical Society, Oxford University Press]},
 title = {Controlling the False Discovery Rate: A Practical and Powerful Approach to Multiple Testing},
 volume = {57},
 year = {1995}
}


@inproceedings{preuss2021automatically,
	title        = {Automatically Identifying Online Grooming Chats Using {CNN}-based Feature Extraction},
	author       = {Preu{\ss}, Svenja  and Bley, Luna Pia  and Bayha, Tabea  and Dehne, Vivien  and Jordan, Alessa  and Reimann, Sophie  and Roberto, Fina  and Zahm, Josephine Romy  and Siewerts, Hanna  and Labudde, Dirk  and Spranger, Michael},
	year         = 2021,
	booktitle    = {Proceedings of the 17th Conference on Natural Language Processing (KONVENS 2021)},
	publisher    = {KONVENS 2021 Organizers},
	address      = {D{\"u}sseldorf, Germany},
	pages        = {137--146},
	url          = {https://aclanthology.org/2021.konvens-1.12/},
	editor       = {Evang, Kilian  and Kallmeyer, Laura  and Osswald, Rainer  and Waszczuk, Jakub  and Zesch, Torsten}
}
@misc{nagel2016ccnews,
	title        = {CC-News Dataset},
	author       = {Nagel, S.},
	year         = 2016,
	url          = {http://commoncrawl.org/2016/10/news-dataset-available/}
}
@article{webster2021european,
	title        = {European Online Grooming Project - Final Report},
	author       = {Webster, Stephen and Davidson, Julia and Bifulco, Antonia and Gottschalk, Petter and Caretti, Vincenzo and Pham, Thierry and Grove-Hills, Julie and Turley, Caroline and Tompkins, Charlotte and Ciulla, Stefano and Milazzo, Vanessa and Schimmenti, Adriano and Craparo, Giuseppe},
	year         = 2012,
	pages        = {}
}
@article{evans2025corpus,
	title        = {A corpus-assisted discourse analysis of children’s and groomers’ talk in online grooming interactions},
	author       = {Craig Evans and Nuria Lorenzo-Dus},
	year         = 2025,
	journal      = {Applied Corpus Linguistics},
	volume       = 5,
	number       = 3,
	pages        = 100147,
	doi          = {https://doi.org/10.1016/j.acorp.2025.100147},
	url          = {https://www.sciencedirect.com/science/article/pii/S2666799125000309}
}
@misc{gokaslan2019openwebtext,
	title        = {OpenWebText Corpus},
	author       = {Gokaslan, A. and Cohen, V.},
	year         = 2019,
	url          = {http://Skylion007.github.io/OpenWebTextCorpus}
}
@article{trinh2018commonsense,
	title        = {A Simple Method for Commonsense Reasoning},
	author       = {Trinh, T. H. and Le, Q. V.},
	year         = 2018,
	journal      = {arXiv preprint arXiv:1806.02847},
	url          = {https://arxiv.org/abs/1806.02847}
}
@article{craven2006grooming,
	title        = {Sexual grooming of children: Review of literature and theoretical considerations},
	author       = {Craven, Samantha and Brown, Sarah and Gilchrist, Elizabeth},
	year         = 2006,
	journal      = {Journal of Sexual Aggression},
	volume       = 12,
	number       = 3,
	pages        = {287--299},
	doi          = {10.1080/13552600601069414}
}
@techreport{radford2018gpt,
	title        = {Improving Language Understanding by Generative Pre-Training},
	author       = {Radford, A. and Narasimhan, K. and Salimans, T. and Sutskever, I.},
	year         = 2018,
	url          = {https://cdn.openai.com/research-covers/language-unsupervised/language_understanding_paper.pdf},
	institution  = {OpenAI}
}
@article{yang2019xlnet,
	title        = {XLNet: Generalized Autoregressive Pretraining for Language Understanding},
	author       = {Yang, Z. and Dai, Z. and Yang, Y. and Carbonell, J. and Salakhutdinov, R. and Le, Q. V.},
	year         = 2019,
	journal      = {arXiv preprint arXiv:1906.08237},
	url          = {https://arxiv.org/abs/1906.08237}
}
@article{lample2019cross,
	title        = {Cross-lingual Language Model Pretraining},
	author       = {Lample, G. and Conneau, A.},
	year         = 2019,
	journal      = {arXiv preprint arXiv:1901.07291},
	url          = {https://arxiv.org/abs/1901.07291}
}
@article{williamsmodel,
	title        = {Identifying Sexual Grooming Themes Used by Internet Sex Offenders},
	author       = {Beech, Anthony and R, Williams and A, Eliott},
	year         = 2013,
	journal      = {Deviant Behavior},
	volume       = 34,
	pages        = {},
	doi          = {10.1080/01639625.2012.707550}
}
